@book{rudin,
   author = {Rudin, Walter},
   title = {Principles of Mathematical Analysis},
   year = {1976},
   publisher = {McGraw-Hill},
}

@article{fgd,
	title = "Faster gradient descent via an adaptive learning rate",
	journal = "University of Toronto",
	url = "http://www.cs.toronto.edu/~mravox/p4.pdf",
	author = "Mathieu Ravut and Satya Krishna Gorti",
}

@article{keel,
	title = "KEEL: Knowledge Extraction based on Evolutionary Learning",
	journal = "www.keel.es",
}

@article{vowel,
	title = "https://sci2s.ugr.es/keel/dataset.php?cod=113",
}

@article{wankara,
	title = "https://sci2s.ugr.es/keel/dataset.php?cod=41",
}

@article{vowel-uci,
	title = "UCI: Vowel detection",
	journal = "http://archive.ics.uci.edu/ml/datasets/Connectionist+Bench+%28Vowel+Recognition+-+Deterding+Data%29",
}

@article{10.1093/biomet/52.3-4.591,
    author = {SHAPIRO, S. S. and WILK, M. B.},
    title = "{An analysis of variance test for normality (complete samples)â€ }",
    journal = {Biometrika},
    volume = {52},
    number = {3-4},
    pages = {591-611},
    year = {1965},
    month = {12},
    issn = {0006-3444},
    doi = {10.1093/biomet/52.3-4.591},
    url = {https://doi.org/10.1093/biomet/52.3-4.591},
    eprint = {http://oup.prod.sis.lan/biomet/article-pdf/52/3-4/591/962907/52-3-4-591.pdf},
}


@article{10.1080/01621459.1967.10482916,
author = { Hubert W.   Lilliefors },
title = {On the Kolmogorov-Smirnov Test for Normality with Mean and Variance Unknown},
journal = {Journal of the American Statistical Association},
volume = {62},
number = {318},
pages = {399-402},
year  = {1967},
publisher = {Taylor & Francis},
doi = {10.1080/01621459.1967.10482916},

URL = { 
        https://www.tandfonline.com/doi/abs/10.1080/01621459.1967.10482916
    
},
eprint = { 
        https://www.tandfonline.com/doi/pdf/10.1080/01621459.1967.10482916
    
}

}
